%==============================================================================
% define all referenced literature
% see https://de.wikipedia.org/wiki/BibTeX#Literaturtypen_.28Entry_Types.29 for type description
% see http://www.bibtex.org/Using/de/ for bibtex usage
%==============================================================================

@book{Be02,
	author = {Kent Beck},
	title = {Test Driven Development: By Example},
	year = {2002},
	isbn = {0321146530},
	publisher = {Addison-Wesley},
	address = {Boston, MA, USA}
} 